%YAML 1.1
%TAG !u! tag:unity3d.com,2011:
--- !u!29 &1
OcclusionCullingSettings:
  m_ObjectHideFlags: 0
  serializedVersion: 2
  m_OcclusionBakeSettings:
    smallestOccluder: 5
    smallestHole: 0.25
    backfaceThreshold: 100
  m_SceneGUID: 00000000000000000000000000000000
  m_OcclusionCullingData: {fileID: 0}
--- !u!104 &2
RenderSettings:
  m_ObjectHideFlags: 0
  serializedVersion: 9
  m_Fog: 0
  m_FogColor: {r: 0.5, g: 0.5, b: 0.5, a: 1}
  m_FogMode: 3
  m_FogDensity: 0.01
  m_LinearFogStart: 0
  m_LinearFogEnd: 300
  m_AmbientSkyColor: {r: 0.212, g: 0.227, b: 0.259, a: 1}
  m_AmbientEquatorColor: {r: 0.114, g: 0.125, b: 0.133, a: 1}
  m_AmbientGroundColor: {r: 0.047, g: 0.043, b: 0.035, a: 1}
  m_AmbientIntensity: 1
  m_AmbientMode: 3
  m_SubtractiveShadowColor: {r: 0.42, g: 0.478, b: 0.627, a: 1}
  m_SkyboxMaterial: {fileID: 0}
  m_HaloStrength: 0.5
  m_FlareStrength: 1
  m_FlareFadeSpeed: 3
  m_HaloTexture: {fileID: 0}
  m_SpotCookie: {fileID: 10001, guid: 0000000000000000e000000000000000, type: 0}
  m_DefaultReflectionMode: 0
  m_DefaultReflectionResolution: 128
  m_ReflectionBounces: 1
  m_ReflectionIntensity: 1
  m_CustomReflection: {fileID: 0}
  m_Sun: {fileID: 0}
  m_IndirectSpecularColor: {r: 0, g: 0, b: 0, a: 1}
  m_UseRadianceAmbientProbe: 0
--- !u!157 &3
LightmapSettings:
  m_ObjectHideFlags: 0
  serializedVersion: 11
  m_GIWorkflowMode: 1
  m_GISettings:
    serializedVersion: 2
    m_BounceScale: 1
    m_IndirectOutputScale: 1
    m_AlbedoBoost: 1
    m_EnvironmentLightingMode: 0
    m_EnableBakedLightmaps: 0
    m_EnableRealtimeLightmaps: 0
  m_LightmapEditorSettings:
    serializedVersion: 12
    m_Resolution: 2
    m_BakeResolution: 40
    m_AtlasSize: 1024
    m_AO: 0
    m_AOMaxDistance: 1
    m_CompAOExponent: 1
    m_CompAOExponentDirect: 0
    m_ExtractAmbientOcclusion: 0
    m_Padding: 2
    m_LightmapParameters: {fileID: 0}
    m_LightmapsBakeMode: 1
    m_TextureCompression: 1
    m_FinalGather: 0
    m_FinalGatherFiltering: 1
    m_FinalGatherRayCount: 256
    m_ReflectionCompression: 2
    m_MixedBakeMode: 2
    m_BakeBackend: 0
    m_PVRSampling: 1
    m_PVRDirectSampleCount: 32
    m_PVRSampleCount: 500
    m_PVRBounces: 2
    m_PVREnvironmentSampleCount: 500
    m_PVREnvironmentReferencePointCount: 2048
    m_PVRFilteringMode: 2
    m_PVRDenoiserTypeDirect: 0
    m_PVRDenoiserTypeIndirect: 0
    m_PVRDenoiserTypeAO: 0
    m_PVRFilterTypeDirect: 0
    m_PVRFilterTypeIndirect: 0
    m_PVRFilterTypeAO: 0
    m_PVREnvironmentMIS: 0
    m_PVRCulling: 1
    m_PVRFilteringGaussRadiusDirect: 1
    m_PVRFilteringGaussRadiusIndirect: 5
    m_PVRFilteringGaussRadiusAO: 2
    m_PVRFilteringAtrousPositionSigmaDirect: 0.5
    m_PVRFilteringAtrousPositionSigmaIndirect: 2
    m_PVRFilteringAtrousPositionSigmaAO: 1
    m_ExportTrainingData: 0
    m_TrainingDataDestination: TrainingData
  m_LightingDataAsset: {fileID: 0}
  m_UseShadowmask: 1
--- !u!196 &4
NavMeshSettings:
  serializedVersion: 2
  m_ObjectHideFlags: 0
  m_BuildSettings:
    serializedVersion: 2
    agentTypeID: 0
    agentRadius: 0.5
    agentHeight: 2
    agentSlope: 45
    agentClimb: 0.4
    ledgeDropHeight: 0
    maxJumpAcrossDistance: 0
    minRegionArea: 2
    manualCellSize: 0
    cellSize: 0.16666667
    manualTileSize: 0
    tileSize: 256
    accuratePlacement: 0
    debug:
      m_Flags: 0
  m_NavMeshData: {fileID: 0}
--- !u!1001 &290344394
PrefabInstance:
  m_ObjectHideFlags: 0
  serializedVersion: 2
  m_Modification:
    m_TransformParent: {fileID: 0}
    m_Modifications:
    - target: {fileID: 1859372679115378774, guid: 4000aec59fab182409dc345210075b41,
        type: 3}
      propertyPath: m_Name
      value: BackToTitle
      objectReference: {fileID: 0}
    - target: {fileID: 1859372679115378775, guid: 4000aec59fab182409dc345210075b41,
        type: 3}
      propertyPath: m_LocalPosition.x
      value: 2.4527042
      objectReference: {fileID: 0}
    - target: {fileID: 1859372679115378775, guid: 4000aec59fab182409dc345210075b41,
        type: 3}
      propertyPath: m_LocalPosition.y
      value: -2.6583943
      objectReference: {fileID: 0}
    - target: {fileID: 1859372679115378775, guid: 4000aec59fab182409dc345210075b41,
        type: 3}
      propertyPath: m_LocalPosition.z
      value: -13.658537
      objectReference: {fileID: 0}
    - target: {fileID: 1859372679115378775, guid: 4000aec59fab182409dc345210075b41,
        type: 3}
      propertyPath: m_LocalRotation.x
      value: 0
      objectReference: {fileID: 0}
    - target: {fileID: 1859372679115378775, guid: 4000aec59fab182409dc345210075b41,
        type: 3}
      propertyPath: m_LocalRotation.y
      value: 0
      objectReference: {fileID: 0}
    - target: {fileID: 1859372679115378775, guid: 4000aec59fab182409dc345210075b41,
        type: 3}
      propertyPath: m_LocalRotation.z
      value: 0
      objectReference: {fileID: 0}
    - target: {fileID: 1859372679115378775, guid: 4000aec59fab182409dc345210075b41,
        type: 3}
      propertyPath: m_LocalRotation.w
      value: 1
      objectReference: {fileID: 0}
    - target: {fileID: 1859372679115378775, guid: 4000aec59fab182409dc345210075b41,
        type: 3}
      propertyPath: m_RootOrder
      value: 5
      objectReference: {fileID: 0}
    - target: {fileID: 1859372679115378775, guid: 4000aec59fab182409dc345210075b41,
        type: 3}
      propertyPath: m_LocalEulerAnglesHint.x
      value: 0
      objectReference: {fileID: 0}
    - target: {fileID: 1859372679115378775, guid: 4000aec59fab182409dc345210075b41,
        type: 3}
      propertyPath: m_LocalEulerAnglesHint.y
      value: 0
      objectReference: {fileID: 0}
    - target: {fileID: 1859372679115378775, guid: 4000aec59fab182409dc345210075b41,
        type: 3}
      propertyPath: m_LocalEulerAnglesHint.z
      value: 0
      objectReference: {fileID: 0}
    m_RemovedComponents: []
  m_SourcePrefab: {fileID: 100100000, guid: 4000aec59fab182409dc345210075b41, type: 3}
--- !u!1 &481444523 stripped
GameObject:
  m_CorrespondingSourceObject: {fileID: 2891653431002026460, guid: e39c5a4043d49e2459998ad2e2bb6912,
    type: 3}
  m_PrefabInstance: {fileID: 2891653430942110583}
  m_PrefabAsset: {fileID: 0}
--- !u!1 &519420028
GameObject:
  m_ObjectHideFlags: 0
  m_CorrespondingSourceObject: {fileID: 0}
  m_PrefabInstance: {fileID: 0}
  m_PrefabAsset: {fileID: 0}
  serializedVersion: 6
  m_Component:
  - component: {fileID: 519420032}
  - component: {fileID: 519420031}
  - component: {fileID: 519420029}
  m_Layer: 0
  m_Name: Main Camera
  m_TagString: MainCamera
  m_Icon: {fileID: 0}
  m_NavMeshLayer: 0
  m_StaticEditorFlags: 0
  m_IsActive: 1
--- !u!81 &519420029
AudioListener:
  m_ObjectHideFlags: 0
  m_CorrespondingSourceObject: {fileID: 0}
  m_PrefabInstance: {fileID: 0}
  m_PrefabAsset: {fileID: 0}
  m_GameObject: {fileID: 519420028}
  m_Enabled: 1
--- !u!20 &519420031
Camera:
  m_ObjectHideFlags: 0
  m_CorrespondingSourceObject: {fileID: 0}
  m_PrefabInstance: {fileID: 0}
  m_PrefabAsset: {fileID: 0}
  m_GameObject: {fileID: 519420028}
  m_Enabled: 1
  serializedVersion: 2
  m_ClearFlags: 2
  m_BackGroundColor: {r: 0, g: 0, b: 0, a: 0}
  m_projectionMatrixMode: 1
  m_GateFitMode: 2
  m_FOVAxisMode: 0
  m_SensorSize: {x: 36, y: 24}
  m_LensShift: {x: 0, y: 0}
  m_FocalLength: 50
  m_NormalizedViewPortRect:
    serializedVersion: 2
    x: 0
    y: 0
    width: 1
    height: 1
  near clip plane: 0.3
  far clip plane: 50
  field of view: 60
  orthographic: 1
  orthographic size: 5.775003
  m_Depth: -1
  m_CullingMask:
    serializedVersion: 2
    m_Bits: 4294967295
  m_RenderingPath: -1
  m_TargetTexture: {fileID: 0}
  m_TargetDisplay: 0
  m_TargetEye: 0
  m_HDR: 1
  m_AllowMSAA: 0
  m_AllowDynamicResolution: 0
  m_ForceIntoRT: 0
  m_OcclusionCulling: 0
  m_StereoConvergence: 10
  m_StereoSeparation: 0.022
--- !u!4 &519420032
Transform:
  m_ObjectHideFlags: 0
  m_CorrespondingSourceObject: {fileID: 0}
  m_PrefabInstance: {fileID: 0}
  m_PrefabAsset: {fileID: 0}
  m_GameObject: {fileID: 519420028}
  m_LocalRotation: {x: -0, y: -0, z: -0, w: 1}
  m_LocalPosition: {x: 0, y: 0, z: -10}
  m_LocalScale: {x: 1, y: 1, z: 1}
  m_Children: []
  m_Father: {fileID: 0}
  m_RootOrder: 1
  m_LocalEulerAnglesHint: {x: 0, y: 0, z: 0}
--- !u!1001 &613957397
PrefabInstance:
  m_ObjectHideFlags: 0
  serializedVersion: 2
  m_Modification:
    m_TransformParent: {fileID: 0}
    m_Modifications:
    - target: {fileID: 5254521380051646222, guid: a2316118c0417444abb7350b69702a20,
        type: 3}
      propertyPath: m_Name
      value: EnemyKiller
      objectReference: {fileID: 0}
    - target: {fileID: 5254521380051646223, guid: a2316118c0417444abb7350b69702a20,
        type: 3}
      propertyPath: m_LocalPosition.x
      value: 0
      objectReference: {fileID: 0}
    - target: {fileID: 5254521380051646223, guid: a2316118c0417444abb7350b69702a20,
        type: 3}
      propertyPath: m_LocalPosition.y
      value: 0
      objectReference: {fileID: 0}
    - target: {fileID: 5254521380051646223, guid: a2316118c0417444abb7350b69702a20,
        type: 3}
      propertyPath: m_LocalPosition.z
      value: 0
      objectReference: {fileID: 0}
    - target: {fileID: 5254521380051646223, guid: a2316118c0417444abb7350b69702a20,
        type: 3}
      propertyPath: m_LocalRotation.x
      value: 0
      objectReference: {fileID: 0}
    - target: {fileID: 5254521380051646223, guid: a2316118c0417444abb7350b69702a20,
        type: 3}
      propertyPath: m_LocalRotation.y
      value: 0
      objectReference: {fileID: 0}
    - target: {fileID: 5254521380051646223, guid: a2316118c0417444abb7350b69702a20,
        type: 3}
      propertyPath: m_LocalRotation.z
      value: 0
      objectReference: {fileID: 0}
    - target: {fileID: 5254521380051646223, guid: a2316118c0417444abb7350b69702a20,
        type: 3}
      propertyPath: m_LocalRotation.w
      value: 1
      objectReference: {fileID: 0}
    - target: {fileID: 5254521380051646223, guid: a2316118c0417444abb7350b69702a20,
        type: 3}
      propertyPath: m_RootOrder
      value: 3
      objectReference: {fileID: 0}
    - target: {fileID: 5254521380051646223, guid: a2316118c0417444abb7350b69702a20,
        type: 3}
      propertyPath: m_LocalEulerAnglesHint.x
      value: 0
      objectReference: {fileID: 0}
    - target: {fileID: 5254521380051646223, guid: a2316118c0417444abb7350b69702a20,
        type: 3}
      propertyPath: m_LocalEulerAnglesHint.y
      value: 0
      objectReference: {fileID: 0}
    - target: {fileID: 5254521380051646223, guid: a2316118c0417444abb7350b69702a20,
        type: 3}
      propertyPath: m_LocalEulerAnglesHint.z
      value: 0
      objectReference: {fileID: 0}
    m_RemovedComponents: []
  m_SourcePrefab: {fileID: 100100000, guid: a2316118c0417444abb7350b69702a20, type: 3}
--- !u!1001 &1385982760
PrefabInstance:
  m_ObjectHideFlags: 0
  serializedVersion: 2
  m_Modification:
    m_TransformParent: {fileID: 0}
    m_Modifications:
    - target: {fileID: 8376416624183299193, guid: 17a8f7bd1eacfcc428089ebff6464410,
        type: 3}
      propertyPath: m_Name
      value: Stage1_Spawner
      objectReference: {fileID: 0}
    - target: {fileID: 6665283893167313045, guid: 17a8f7bd1eacfcc428089ebff6464410,
        type: 3}
      propertyPath: m_LocalPosition.x
      value: 0.5343514
      objectReference: {fileID: 0}
    - target: {fileID: 6665283893167313045, guid: 17a8f7bd1eacfcc428089ebff6464410,
        type: 3}
      propertyPath: m_LocalPosition.y
      value: 1.1178614
      objectReference: {fileID: 0}
    - target: {fileID: 6665283893167313045, guid: 17a8f7bd1eacfcc428089ebff6464410,
        type: 3}
      propertyPath: m_LocalPosition.z
      value: -11.9765625
      objectReference: {fileID: 0}
    - target: {fileID: 6665283893167313045, guid: 17a8f7bd1eacfcc428089ebff6464410,
        type: 3}
      propertyPath: m_LocalRotation.x
      value: 0
      objectReference: {fileID: 0}
    - target: {fileID: 6665283893167313045, guid: 17a8f7bd1eacfcc428089ebff6464410,
        type: 3}
      propertyPath: m_LocalRotation.y
      value: 0
      objectReference: {fileID: 0}
    - target: {fileID: 6665283893167313045, guid: 17a8f7bd1eacfcc428089ebff6464410,
        type: 3}
      propertyPath: m_LocalRotation.z
      value: 0
      objectReference: {fileID: 0}
    - target: {fileID: 6665283893167313045, guid: 17a8f7bd1eacfcc428089ebff6464410,
        type: 3}
      propertyPath: m_LocalRotation.w
      value: 1
      objectReference: {fileID: 0}
    - target: {fileID: 6665283893167313045, guid: 17a8f7bd1eacfcc428089ebff6464410,
        type: 3}
      propertyPath: m_RootOrder
      value: 6
      objectReference: {fileID: 0}
    - target: {fileID: 6665283893167313045, guid: 17a8f7bd1eacfcc428089ebff6464410,
        type: 3}
      propertyPath: m_LocalEulerAnglesHint.x
      value: 0
      objectReference: {fileID: 0}
    - target: {fileID: 6665283893167313045, guid: 17a8f7bd1eacfcc428089ebff6464410,
        type: 3}
      propertyPath: m_LocalEulerAnglesHint.y
      value: 0
      objectReference: {fileID: 0}
    - target: {fileID: 6665283893167313045, guid: 17a8f7bd1eacfcc428089ebff6464410,
        type: 3}
      propertyPath: m_LocalEulerAnglesHint.z
      value: 0
      objectReference: {fileID: 0}
    - target: {fileID: 8609112437337116724, guid: 17a8f7bd1eacfcc428089ebff6464410,
        type: 3}
      propertyPath: m_enemyPrefabs.Array.size
      value: 8
      objectReference: {fileID: 0}
    - target: {fileID: 8609112437337116724, guid: 17a8f7bd1eacfcc428089ebff6464410,
        type: 3}
      propertyPath: enemy_amount.Array.size
      value: 10
      objectReference: {fileID: 0}
    - target: {fileID: 8609112437337116724, guid: 17a8f7bd1eacfcc428089ebff6464410,
        type: 3}
      propertyPath: stage_enemies.Array.size
      value: 10
      objectReference: {fileID: 0}
    - target: {fileID: 8609112437337116724, guid: 17a8f7bd1eacfcc428089ebff6464410,
        type: 3}
      propertyPath: team_interval.Array.size
      value: 10
      objectReference: {fileID: 0}
    - target: {fileID: 8609112437337116724, guid: 17a8f7bd1eacfcc428089ebff6464410,
        type: 3}
      propertyPath: interval.Array.size
      value: 10
      objectReference: {fileID: 0}
    - target: {fileID: 8609112437337116724, guid: 17a8f7bd1eacfcc428089ebff6464410,
        type: 3}
      propertyPath: team_respownType.Array.size
      value: 10
      objectReference: {fileID: 0}
    - target: {fileID: 8609112437337116724, guid: 17a8f7bd1eacfcc428089ebff6464410,
        type: 3}
      propertyPath: team_moveType.Array.size
      value: 10
      objectReference: {fileID: 0}
    - target: {fileID: 8609112437337116724, guid: 17a8f7bd1eacfcc428089ebff6464410,
        type: 3}
      propertyPath: leader_pos.Array.size
      value: 10
      objectReference: {fileID: 0}
    - target: {fileID: 8609112437337116724, guid: 17a8f7bd1eacfcc428089ebff6464410,
        type: 3}
      propertyPath: team_pos_gap.Array.size
      value: 10
      objectReference: {fileID: 0}
    - target: {fileID: 8609112437337116724, guid: 17a8f7bd1eacfcc428089ebff6464410,
        type: 3}
      propertyPath: m_enemyPrefabs.Array.data[2]
      value: 
      objectReference: {fileID: 5773301590700646730, guid: c82327cb6c1017a49923dfc811b1b0cd,
        type: 3}
    - target: {fileID: 8609112437337116724, guid: 17a8f7bd1eacfcc428089ebff6464410,
        type: 3}
      propertyPath: stage_enemies.Array.data[0]
      value: 0
      objectReference: {fileID: 0}
    - target: {fileID: 8609112437337116724, guid: 17a8f7bd1eacfcc428089ebff6464410,
        type: 3}
      propertyPath: stage_enemies.Array.data[3]
      value: 2
      objectReference: {fileID: 0}
    - target: {fileID: 8609112437337116724, guid: 17a8f7bd1eacfcc428089ebff6464410,
        type: 3}
      propertyPath: m_enemyPrefabs.Array.data[4]
      value: 
      objectReference: {fileID: 2785526385148471884, guid: 439b56799f824f64fbe3e1ef17631686,
        type: 3}
    - target: {fileID: 8609112437337116724, guid: 17a8f7bd1eacfcc428089ebff6464410,
        type: 3}
      propertyPath: m_enemyPrefabs.Array.data[3]
      value: 
      objectReference: {fileID: 3957709431241866765, guid: f977c6743ace43f47a56d7ddb0333bfd,
        type: 3}
    - target: {fileID: 8609112437337116724, guid: 17a8f7bd1eacfcc428089ebff6464410,
        type: 3}
      propertyPath: m_enemyPrefabs.Array.data[0]
      value: 
      objectReference: {fileID: 1311953721713971423, guid: beaf7e649fd96bf499dd4c6f920d2488,
        type: 3}
    - target: {fileID: 8609112437337116724, guid: 17a8f7bd1eacfcc428089ebff6464410,
        type: 3}
      propertyPath: m_enemyPrefabs.Array.data[1]
      value: 
      objectReference: {fileID: 2785526385148471884, guid: b567aef1bd1e0644ea57ef373d5c9201,
        type: 3}
    - target: {fileID: 8609112437337116724, guid: 17a8f7bd1eacfcc428089ebff6464410,
        type: 3}
      propertyPath: stage_enemies.Array.data[1]
      value: 1
      objectReference: {fileID: 0}
    - target: {fileID: 8609112437337116724, guid: 17a8f7bd1eacfcc428089ebff6464410,
        type: 3}
      propertyPath: stage_enemies.Array.data[2]
      value: 7
      objectReference: {fileID: 0}
    - target: {fileID: 8609112437337116724, guid: 17a8f7bd1eacfcc428089ebff6464410,
        type: 3}
      propertyPath: m_enemyPrefabs.Array.data[5]
      value: 
      objectReference: {fileID: 9136653086893005399, guid: 671f193163719aa4d89ff3276c40805e,
        type: 3}
    - target: {fileID: 8609112437337116724, guid: 17a8f7bd1eacfcc428089ebff6464410,
        type: 3}
      propertyPath: m_enemyPrefabs.Array.data[6]
      value: 
      objectReference: {fileID: 8110357229180687248, guid: 9bb922861c5cd1246b1388aed3147ab7,
        type: 3}
    - target: {fileID: 8609112437337116724, guid: 17a8f7bd1eacfcc428089ebff6464410,
        type: 3}
      propertyPath: enemy_amount.Array.data[4]
      value: 2
      objectReference: {fileID: 0}
    - target: {fileID: 8609112437337116724, guid: 17a8f7bd1eacfcc428089ebff6464410,
        type: 3}
      propertyPath: enemy_amount.Array.data[5]
      value: 1
      objectReference: {fileID: 0}
    - target: {fileID: 8609112437337116724, guid: 17a8f7bd1eacfcc428089ebff6464410,
        type: 3}
      propertyPath: enemy_amount.Array.data[6]
      value: 5
      objectReference: {fileID: 0}
    - target: {fileID: 8609112437337116724, guid: 17a8f7bd1eacfcc428089ebff6464410,
        type: 3}
      propertyPath: enemy_amount.Array.data[7]
      value: 3
      objectReference: {fileID: 0}
    - target: {fileID: 8609112437337116724, guid: 17a8f7bd1eacfcc428089ebff6464410,
        type: 3}
      propertyPath: enemy_amount.Array.data[8]
      value: 4
      objectReference: {fileID: 0}
    - target: {fileID: 8609112437337116724, guid: 17a8f7bd1eacfcc428089ebff6464410,
        type: 3}
      propertyPath: enemy_amount.Array.data[9]
      value: 1
      objectReference: {fileID: 0}
    - target: {fileID: 8609112437337116724, guid: 17a8f7bd1eacfcc428089ebff6464410,
        type: 3}
      propertyPath: stage_enemies.Array.data[4]
      value: 3
      objectReference: {fileID: 0}
    - target: {fileID: 8609112437337116724, guid: 17a8f7bd1eacfcc428089ebff6464410,
        type: 3}
      propertyPath: stage_enemies.Array.data[5]
      value: 5
      objectReference: {fileID: 0}
    - target: {fileID: 8609112437337116724, guid: 17a8f7bd1eacfcc428089ebff6464410,
        type: 3}
      propertyPath: stage_enemies.Array.data[6]
      value: 4
      objectReference: {fileID: 0}
    - target: {fileID: 8609112437337116724, guid: 17a8f7bd1eacfcc428089ebff6464410,
        type: 3}
      propertyPath: stage_enemies.Array.data[7]
      value: 3
      objectReference: {fileID: 0}
    - target: {fileID: 8609112437337116724, guid: 17a8f7bd1eacfcc428089ebff6464410,
        type: 3}
      propertyPath: stage_enemies.Array.data[8]
      value: 2
      objectReference: {fileID: 0}
    - target: {fileID: 8609112437337116724, guid: 17a8f7bd1eacfcc428089ebff6464410,
        type: 3}
      propertyPath: stage_enemies.Array.data[9]
      value: 6
      objectReference: {fileID: 0}
    - target: {fileID: 8609112437337116724, guid: 17a8f7bd1eacfcc428089ebff6464410,
        type: 3}
      propertyPath: enemy_amount.Array.data[0]
      value: 5
      objectReference: {fileID: 0}
    - target: {fileID: 8609112437337116724, guid: 17a8f7bd1eacfcc428089ebff6464410,
        type: 3}
      propertyPath: enemy_amount.Array.data[1]
      value: 10
      objectReference: {fileID: 0}
    - target: {fileID: 8609112437337116724, guid: 17a8f7bd1eacfcc428089ebff6464410,
        type: 3}
      propertyPath: enemy_amount.Array.data[2]
      value: 10
      objectReference: {fileID: 0}
    - target: {fileID: 8609112437337116724, guid: 17a8f7bd1eacfcc428089ebff6464410,
        type: 3}
      propertyPath: enemy_amount.Array.data[3]
      value: 3
      objectReference: {fileID: 0}
    - target: {fileID: 8609112437337116724, guid: 17a8f7bd1eacfcc428089ebff6464410,
        type: 3}
      propertyPath: team_interval.Array.data[4]
      value: 10
      objectReference: {fileID: 0}
    - target: {fileID: 8609112437337116724, guid: 17a8f7bd1eacfcc428089ebff6464410,
        type: 3}
      propertyPath: team_interval.Array.data[5]
      value: 10
      objectReference: {fileID: 0}
    - target: {fileID: 8609112437337116724, guid: 17a8f7bd1eacfcc428089ebff6464410,
        type: 3}
      propertyPath: team_interval.Array.data[6]
      value: 10
      objectReference: {fileID: 0}
    - target: {fileID: 8609112437337116724, guid: 17a8f7bd1eacfcc428089ebff6464410,
        type: 3}
      propertyPath: team_interval.Array.data[7]
      value: 10
      objectReference: {fileID: 0}
    - target: {fileID: 8609112437337116724, guid: 17a8f7bd1eacfcc428089ebff6464410,
        type: 3}
      propertyPath: team_interval.Array.data[8]
      value: 10
      objectReference: {fileID: 0}
    - target: {fileID: 8609112437337116724, guid: 17a8f7bd1eacfcc428089ebff6464410,
        type: 3}
      propertyPath: team_interval.Array.data[9]
      value: 10
      objectReference: {fileID: 0}
    - target: {fileID: 8609112437337116724, guid: 17a8f7bd1eacfcc428089ebff6464410,
        type: 3}
      propertyPath: interval.Array.data[4]
      value: 3
      objectReference: {fileID: 0}
    - target: {fileID: 8609112437337116724, guid: 17a8f7bd1eacfcc428089ebff6464410,
        type: 3}
      propertyPath: interval.Array.data[5]
      value: 1
      objectReference: {fileID: 0}
    - target: {fileID: 8609112437337116724, guid: 17a8f7bd1eacfcc428089ebff6464410,
        type: 3}
      propertyPath: interval.Array.data[6]
      value: 1
      objectReference: {fileID: 0}
    - target: {fileID: 8609112437337116724, guid: 17a8f7bd1eacfcc428089ebff6464410,
        type: 3}
      propertyPath: interval.Array.data[7]
      value: 3
      objectReference: {fileID: 0}
    - target: {fileID: 8609112437337116724, guid: 17a8f7bd1eacfcc428089ebff6464410,
        type: 3}
      propertyPath: interval.Array.data[8]
      value: 3
      objectReference: {fileID: 0}
    - target: {fileID: 8609112437337116724, guid: 17a8f7bd1eacfcc428089ebff6464410,
        type: 3}
      propertyPath: interval.Array.data[9]
      value: 1
      objectReference: {fileID: 0}
    - target: {fileID: 8609112437337116724, guid: 17a8f7bd1eacfcc428089ebff6464410,
        type: 3}
      propertyPath: team_moveType.Array.data[4]
      value: 0
      objectReference: {fileID: 0}
    - target: {fileID: 8609112437337116724, guid: 17a8f7bd1eacfcc428089ebff6464410,
        type: 3}
      propertyPath: team_moveType.Array.data[5]
      value: 4
      objectReference: {fileID: 0}
    - target: {fileID: 8609112437337116724, guid: 17a8f7bd1eacfcc428089ebff6464410,
        type: 3}
      propertyPath: team_moveType.Array.data[6]
      value: 1
      objectReference: {fileID: 0}
    - target: {fileID: 8609112437337116724, guid: 17a8f7bd1eacfcc428089ebff6464410,
        type: 3}
      propertyPath: team_moveType.Array.data[7]
      value: 3
      objectReference: {fileID: 0}
    - target: {fileID: 8609112437337116724, guid: 17a8f7bd1eacfcc428089ebff6464410,
        type: 3}
      propertyPath: team_moveType.Array.data[8]
      value: 3
      objectReference: {fileID: 0}
    - target: {fileID: 8609112437337116724, guid: 17a8f7bd1eacfcc428089ebff6464410,
        type: 3}
      propertyPath: team_moveType.Array.data[9]
      value: 4
      objectReference: {fileID: 0}
    - target: {fileID: 8609112437337116724, guid: 17a8f7bd1eacfcc428089ebff6464410,
        type: 3}
      propertyPath: team_interval.Array.data[1]
      value: 10
      objectReference: {fileID: 0}
    - target: {fileID: 8609112437337116724, guid: 17a8f7bd1eacfcc428089ebff6464410,
        type: 3}
      propertyPath: team_interval.Array.data[0]
      value: 10
      objectReference: {fileID: 0}
    - target: {fileID: 8609112437337116724, guid: 17a8f7bd1eacfcc428089ebff6464410,
        type: 3}
      propertyPath: team_interval.Array.data[2]
      value: 10
      objectReference: {fileID: 0}
    - target: {fileID: 8609112437337116724, guid: 17a8f7bd1eacfcc428089ebff6464410,
        type: 3}
      propertyPath: team_interval.Array.data[3]
      value: 10
      objectReference: {fileID: 0}
    - target: {fileID: 8609112437337116724, guid: 17a8f7bd1eacfcc428089ebff6464410,
        type: 3}
      propertyPath: interval.Array.data[0]
      value: 1
      objectReference: {fileID: 0}
    - target: {fileID: 8609112437337116724, guid: 17a8f7bd1eacfcc428089ebff6464410,
        type: 3}
      propertyPath: interval.Array.data[1]
      value: 1
      objectReference: {fileID: 0}
    - target: {fileID: 8609112437337116724, guid: 17a8f7bd1eacfcc428089ebff6464410,
        type: 3}
      propertyPath: interval.Array.data[2]
      value: 1
      objectReference: {fileID: 0}
    - target: {fileID: 8609112437337116724, guid: 17a8f7bd1eacfcc428089ebff6464410,
        type: 3}
      propertyPath: interval.Array.data[3]
      value: 3
      objectReference: {fileID: 0}
    - target: {fileID: 8609112437337116724, guid: 17a8f7bd1eacfcc428089ebff6464410,
        type: 3}
      propertyPath: team_respownType.Array.data[1]
      value: 3
      objectReference: {fileID: 0}
    - target: {fileID: 8609112437337116724, guid: 17a8f7bd1eacfcc428089ebff6464410,
        type: 3}
      propertyPath: team_respownType.Array.data[2]
      value: 1
      objectReference: {fileID: 0}
    - target: {fileID: 8609112437337116724, guid: 17a8f7bd1eacfcc428089ebff6464410,
        type: 3}
      propertyPath: team_respownType.Array.data[6]
      value: 3
      objectReference: {fileID: 0}
    - target: {fileID: 8609112437337116724, guid: 17a8f7bd1eacfcc428089ebff6464410,
        type: 3}
      propertyPath: team_respownType.Array.data[7]
      value: 3
      objectReference: {fileID: 0}
    - target: {fileID: 8609112437337116724, guid: 17a8f7bd1eacfcc428089ebff6464410,
        type: 3}
      propertyPath: team_respownType.Array.data[8]
      value: 1
      objectReference: {fileID: 0}
    - target: {fileID: 8609112437337116724, guid: 17a8f7bd1eacfcc428089ebff6464410,
        type: 3}
      propertyPath: team_moveType.Array.data[0]
      value: 0
      objectReference: {fileID: 0}
    - target: {fileID: 8609112437337116724, guid: 17a8f7bd1eacfcc428089ebff6464410,
        type: 3}
      propertyPath: team_moveType.Array.data[1]
      value: 0
      objectReference: {fileID: 0}
    - target: {fileID: 8609112437337116724, guid: 17a8f7bd1eacfcc428089ebff6464410,
        type: 3}
      propertyPath: team_moveType.Array.data[2]
      value: 2
      objectReference: {fileID: 0}
    - target: {fileID: 8609112437337116724, guid: 17a8f7bd1eacfcc428089ebff6464410,
        type: 3}
      propertyPath: team_moveType.Array.data[3]
      value: 0
      objectReference: {fileID: 0}
    - target: {fileID: 8609112437337116724, guid: 17a8f7bd1eacfcc428089ebff6464410,
        type: 3}
      propertyPath: leader_pos.Array.data[0].y
      value: 3
      objectReference: {fileID: 0}
    - target: {fileID: 8609112437337116724, guid: 17a8f7bd1eacfcc428089ebff6464410,
        type: 3}
      propertyPath: leader_pos.Array.data[0].x
      value: 0
      objectReference: {fileID: 0}
    - target: {fileID: 8609112437337116724, guid: 17a8f7bd1eacfcc428089ebff6464410,
        type: 3}
      propertyPath: team_pos_gap.Array.data[0].y
      value: 0.1
      objectReference: {fileID: 0}
    - target: {fileID: 8609112437337116724, guid: 17a8f7bd1eacfcc428089ebff6464410,
        type: 3}
      propertyPath: leader_pos.Array.data[1].y
      value: 0.5
      objectReference: {fileID: 0}
    - target: {fileID: 8609112437337116724, guid: 17a8f7bd1eacfcc428089ebff6464410,
        type: 3}
      propertyPath: team_pos_gap.Array.data[0].x
      value: 0
      objectReference: {fileID: 0}
    - target: {fileID: 8609112437337116724, guid: 17a8f7bd1eacfcc428089ebff6464410,
        type: 3}
      propertyPath: team_pos_gap.Array.data[1].y
      value: 0.1
      objectReference: {fileID: 0}
    - target: {fileID: 8609112437337116724, guid: 17a8f7bd1eacfcc428089ebff6464410,
        type: 3}
      propertyPath: team_pos_gap.Array.data[2].y
      value: 0.05
      objectReference: {fileID: 0}
    - target: {fileID: 8609112437337116724, guid: 17a8f7bd1eacfcc428089ebff6464410,
        type: 3}
      propertyPath: leader_pos.Array.data[3].x
      value: -2
      objectReference: {fileID: 0}
    - target: {fileID: 8609112437337116724, guid: 17a8f7bd1eacfcc428089ebff6464410,
        type: 3}
      propertyPath: leader_pos.Array.data[4].x
      value: -1
      objectReference: {fileID: 0}
    - target: {fileID: 8609112437337116724, guid: 17a8f7bd1eacfcc428089ebff6464410,
        type: 3}
      propertyPath: leader_pos.Array.data[6].x
      value: 3
      objectReference: {fileID: 0}
    - target: {fileID: 8609112437337116724, guid: 17a8f7bd1eacfcc428089ebff6464410,
        type: 3}
      propertyPath: leader_pos.Array.data[7].y
      value: 2
      objectReference: {fileID: 0}
    - target: {fileID: 8609112437337116724, guid: 17a8f7bd1eacfcc428089ebff6464410,
        type: 3}
      propertyPath: leader_pos.Array.data[8].y
      value: 2
      objectReference: {fileID: 0}
    - target: {fileID: 8609112437337116724, guid: 17a8f7bd1eacfcc428089ebff6464410,
        type: 3}
      propertyPath: m_enemyPrefabs.Array.data[7]
      value: 
      objectReference: {fileID: 1311953721713971423, guid: 0e848e7484f2ffb4fa1200fbdf8a965f,
        type: 3}
    - target: {fileID: 8609112437337116724, guid: 17a8f7bd1eacfcc428089ebff6464410,
        type: 3}
      propertyPath: team_respownType.Array.data[0]
      value: 1
      objectReference: {fileID: 0}
    - target: {fileID: 8609112437337116724, guid: 17a8f7bd1eacfcc428089ebff6464410,
        type: 3}
      propertyPath: BGM_Mixer
      value: 
      objectReference: {fileID: 481444523}
    m_RemovedComponents: []
  m_SourcePrefab: {fileID: 100100000, guid: 17a8f7bd1eacfcc428089ebff6464410, type: 3}
--- !u!1 &2121201142
GameObject:
  m_ObjectHideFlags: 0
  m_CorrespondingSourceObject: {fileID: 0}
  m_PrefabInstance: {fileID: 0}
  m_PrefabAsset: {fileID: 0}
  serializedVersion: 6
  m_Component:
  - component: {fileID: 2121201145}
  - component: {fileID: 2121201144}
  - component: {fileID: 2121201143}
  m_Layer: 0
  m_Name: EventSystem
  m_TagString: Untagged
  m_Icon: {fileID: 0}
  m_NavMeshLayer: 0
  m_StaticEditorFlags: 0
  m_IsActive: 1
--- !u!114 &2121201143
MonoBehaviour:
  m_ObjectHideFlags: 0
  m_CorrespondingSourceObject: {fileID: 0}
  m_PrefabInstance: {fileID: 0}
  m_PrefabAsset: {fileID: 0}
  m_GameObject: {fileID: 2121201142}
  m_Enabled: 1
  m_EditorHideFlags: 0
  m_Script: {fileID: 11500000, guid: 4f231c4fb786f3946a6b90b886c48677, type: 3}
  m_Name: 
  m_EditorClassIdentifier: 
  m_HorizontalAxis: Horizontal
  m_VerticalAxis: Vertical
  m_SubmitButton: Submit
  m_CancelButton: Cancel
  m_InputActionsPerSecond: 10
  m_RepeatDelay: 0.5
  m_ForceModuleActive: 0
--- !u!114 &2121201144
MonoBehaviour:
  m_ObjectHideFlags: 0
  m_CorrespondingSourceObject: {fileID: 0}
  m_PrefabInstance: {fileID: 0}
  m_PrefabAsset: {fileID: 0}
  m_GameObject: {fileID: 2121201142}
  m_Enabled: 1
  m_EditorHideFlags: 0
  m_Script: {fileID: 11500000, guid: 76c392e42b5098c458856cdf6ecaaaa1, type: 3}
  m_Name: 
  m_EditorClassIdentifier: 
  m_FirstSelected: {fileID: 0}
  m_sendNavigationEvents: 1
  m_DragThreshold: 10
--- !u!4 &2121201145
Transform:
  m_ObjectHideFlags: 0
  m_CorrespondingSourceObject: {fileID: 0}
  m_PrefabInstance: {fileID: 0}
  m_PrefabAsset: {fileID: 0}
  m_GameObject: {fileID: 2121201142}
  m_LocalRotation: {x: 0, y: 0, z: 0, w: 1}
  m_LocalPosition: {x: 0, y: 0, z: 0}
  m_LocalScale: {x: 1, y: 1, z: 1}
  m_Children: []
  m_Father: {fileID: 0}
  m_RootOrder: 2
  m_LocalEulerAnglesHint: {x: 0, y: 0, z: 0}
--- !u!1001 &1288566323524092468
PrefabInstance:
  m_ObjectHideFlags: 0
  serializedVersion: 2
  m_Modification:
    m_TransformParent: {fileID: 0}
    m_Modifications:
    - target: {fileID: 1288566322394657127, guid: b994bc91175818c48aa7920c2a1024fd,
        type: 3}
      propertyPath: m_Name
      value: Player
      objectReference: {fileID: 0}
    - target: {fileID: 1288566322394657132, guid: b994bc91175818c48aa7920c2a1024fd,
        type: 3}
      propertyPath: m_LocalPosition.x
      value: 0.008
      objectReference: {fileID: 0}
    - target: {fileID: 1288566322394657132, guid: b994bc91175818c48aa7920c2a1024fd,
        type: 3}
      propertyPath: m_LocalPosition.y
      value: -1.399
      objectReference: {fileID: 0}
    - target: {fileID: 1288566322394657132, guid: b994bc91175818c48aa7920c2a1024fd,
        type: 3}
      propertyPath: m_LocalPosition.z
      value: 0
      objectReference: {fileID: 0}
    - target: {fileID: 1288566322394657132, guid: b994bc91175818c48aa7920c2a1024fd,
        type: 3}
      propertyPath: m_LocalRotation.x
      value: 0
      objectReference: {fileID: 0}
    - target: {fileID: 1288566322394657132, guid: b994bc91175818c48aa7920c2a1024fd,
        type: 3}
      propertyPath: m_LocalRotation.y
      value: 0
      objectReference: {fileID: 0}
    - target: {fileID: 1288566322394657132, guid: b994bc91175818c48aa7920c2a1024fd,
        type: 3}
      propertyPath: m_LocalRotation.z
      value: 0
      objectReference: {fileID: 0}
    - target: {fileID: 1288566322394657132, guid: b994bc91175818c48aa7920c2a1024fd,
        type: 3}
      propertyPath: m_LocalRotation.w
      value: 1
      objectReference: {fileID: 0}
    - target: {fileID: 1288566322394657132, guid: b994bc91175818c48aa7920c2a1024fd,
        type: 3}
      propertyPath: m_RootOrder
      value: 4
      objectReference: {fileID: 0}
    - target: {fileID: 1288566322394657132, guid: b994bc91175818c48aa7920c2a1024fd,
        type: 3}
      propertyPath: m_LocalEulerAnglesHint.x
      value: 0
      objectReference: {fileID: 0}
    - target: {fileID: 1288566322394657132, guid: b994bc91175818c48aa7920c2a1024fd,
        type: 3}
      propertyPath: m_LocalEulerAnglesHint.y
      value: 0
      objectReference: {fileID: 0}
    - target: {fileID: 1288566322394657132, guid: b994bc91175818c48aa7920c2a1024fd,
        type: 3}
      propertyPath: m_LocalEulerAnglesHint.z
      value: 0
      objectReference: {fileID: 0}
    - target: {fileID: 1288566322394657121, guid: b994bc91175818c48aa7920c2a1024fd,
        type: 3}
      propertyPath: defeat_anime
      value: 
      objectReference: {fileID: 1859084174735276192, guid: 528459060d908944eba334f670d88791,
        type: 3}
    - target: {fileID: 1288566322394657121, guid: b994bc91175818c48aa7920c2a1024fd,
        type: 3}
      propertyPath: maxhp
      value: 20
      objectReference: {fileID: 0}
    - target: {fileID: 1288566322394657121, guid: b994bc91175818c48aa7920c2a1024fd,
        type: 3}
      propertyPath: BGM_Mixer
      value: 
      objectReference: {fileID: 481444523}
    m_RemovedComponents: []
  m_SourcePrefab: {fileID: 100100000, guid: b994bc91175818c48aa7920c2a1024fd, type: 3}
--- !u!1001 &2891653430942110583
PrefabInstance:
  m_ObjectHideFlags: 0
  serializedVersion: 2
  m_Modification:
    m_TransformParent: {fileID: 0}
    m_Modifications:
    - target: {fileID: 2891653431002026460, guid: e39c5a4043d49e2459998ad2e2bb6912,
        type: 3}
      propertyPath: m_Name
      value: BGM_Mixer
      objectReference: {fileID: 0}
    - target: {fileID: 2891653431002026458, guid: e39c5a4043d49e2459998ad2e2bb6912,
        type: 3}
      propertyPath: m_LocalPosition.x
      value: -0.5369634
      objectReference: {fileID: 0}
    - target: {fileID: 2891653431002026458, guid: e39c5a4043d49e2459998ad2e2bb6912,
        type: 3}
      propertyPath: m_LocalPosition.y
      value: -1.600631
      objectReference: {fileID: 0}
    - target: {fileID: 2891653431002026458, guid: e39c5a4043d49e2459998ad2e2bb6912,
        type: 3}
      propertyPath: m_LocalPosition.z
      value: -14.187891
      objectReference: {fileID: 0}
    - target: {fileID: 2891653431002026458, guid: e39c5a4043d49e2459998ad2e2bb6912,
        type: 3}
      propertyPath: m_LocalRotation.x
      value: 0
      objectReference: {fileID: 0}
    - target: {fileID: 2891653431002026458, guid: e39c5a4043d49e2459998ad2e2bb6912,
        type: 3}
      propertyPath: m_LocalRotation.y
      value: 0
      objectReference: {fileID: 0}
    - target: {fileID: 2891653431002026458, guid: e39c5a4043d49e2459998ad2e2bb6912,
        type: 3}
      propertyPath: m_LocalRotation.z
      value: 0
      objectReference: {fileID: 0}
    - target: {fileID: 2891653431002026458, guid: e39c5a4043d49e2459998ad2e2bb6912,
        type: 3}
      propertyPath: m_LocalRotation.w
      value: 1
      objectReference: {fileID: 0}
    - target: {fileID: 2891653431002026458, guid: e39c5a4043d49e2459998ad2e2bb6912,
        type: 3}
      propertyPath: m_RootOrder
      value: 7
      objectReference: {fileID: 0}
    - target: {fileID: 2891653431002026458, guid: e39c5a4043d49e2459998ad2e2bb6912,
        type: 3}
      propertyPath: m_LocalEulerAnglesHint.x
      value: 0
      objectReference: {fileID: 0}
    - target: {fileID: 2891653431002026458, guid: e39c5a4043d49e2459998ad2e2bb6912,
        type: 3}
      propertyPath: m_LocalEulerAnglesHint.y
      value: 0
      objectReference: {fileID: 0}
    - target: {fileID: 2891653431002026458, guid: e39c5a4043d49e2459998ad2e2bb6912,
        type: 3}
      propertyPath: m_LocalEulerAnglesHint.z
      value: 0
      objectReference: {fileID: 0}
    m_RemovedComponents: []
  m_SourcePrefab: {fileID: 100100000, guid: e39c5a4043d49e2459998ad2e2bb6912, type: 3}
--- !u!1001 &7896168437337327546
PrefabInstance:
  m_ObjectHideFlags: 0
  serializedVersion: 2
  m_Modification:
    m_TransformParent: {fileID: 0}
    m_Modifications:
    - target: {fileID: 628414468008371919, guid: 1a150cd08b58f2942877c97cc3fdff6a,
        type: 3}
      propertyPath: m_Name
      value: Canvas
      objectReference: {fileID: 0}
    - target: {fileID: 628414468008371915, guid: 1a150cd08b58f2942877c97cc3fdff6a,
        type: 3}
      propertyPath: m_LocalPosition.x
      value: 0
      objectReference: {fileID: 0}
    - target: {fileID: 628414468008371915, guid: 1a150cd08b58f2942877c97cc3fdff6a,
        type: 3}
      propertyPath: m_LocalPosition.y
      value: 0
      objectReference: {fileID: 0}
    - target: {fileID: 628414468008371915, guid: 1a150cd08b58f2942877c97cc3fdff6a,
        type: 3}
      propertyPath: m_LocalPosition.z
      value: 0
      objectReference: {fileID: 0}
    - target: {fileID: 628414468008371915, guid: 1a150cd08b58f2942877c97cc3fdff6a,
        type: 3}
      propertyPath: m_LocalRotation.x
      value: 0
      objectReference: {fileID: 0}
    - target: {fileID: 628414468008371915, guid: 1a150cd08b58f2942877c97cc3fdff6a,
        type: 3}
      propertyPath: m_LocalRotation.y
      value: 0
      objectReference: {fileID: 0}
    - target: {fileID: 628414468008371915, guid: 1a150cd08b58f2942877c97cc3fdff6a,
        type: 3}
      propertyPath: m_LocalRotation.z
      value: 0
      objectReference: {fileID: 0}
    - target: {fileID: 628414468008371915, guid: 1a150cd08b58f2942877c97cc3fdff6a,
        type: 3}
      propertyPath: m_LocalRotation.w
      value: 1
      objectReference: {fileID: 0}
    - target: {fileID: 628414468008371915, guid: 1a150cd08b58f2942877c97cc3fdff6a,
        type: 3}
      propertyPath: m_RootOrder
      value: 2
      objectReference: {fileID: 0}
    - target: {fileID: 628414468008371915, guid: 1a150cd08b58f2942877c97cc3fdff6a,
        type: 3}
      propertyPath: m_LocalEulerAnglesHint.x
      value: 0
      objectReference: {fileID: 0}
    - target: {fileID: 628414468008371915, guid: 1a150cd08b58f2942877c97cc3fdff6a,
        type: 3}
      propertyPath: m_LocalEulerAnglesHint.y
      value: 0
      objectReference: {fileID: 0}
    - target: {fileID: 628414468008371915, guid: 1a150cd08b58f2942877c97cc3fdff6a,
        type: 3}
      propertyPath: m_LocalEulerAnglesHint.z
      value: 0
      objectReference: {fileID: 0}
    - target: {fileID: 628414468008371915, guid: 1a150cd08b58f2942877c97cc3fdff6a,
        type: 3}
      propertyPath: m_AnchoredPosition.x
      value: 0
      objectReference: {fileID: 0}
    - target: {fileID: 628414468008371915, guid: 1a150cd08b58f2942877c97cc3fdff6a,
        type: 3}
      propertyPath: m_AnchoredPosition.y
      value: 0
      objectReference: {fileID: 0}
    - target: {fileID: 628414468008371915, guid: 1a150cd08b58f2942877c97cc3fdff6a,
        type: 3}
      propertyPath: m_SizeDelta.x
      value: 0
      objectReference: {fileID: 0}
    - target: {fileID: 628414468008371915, guid: 1a150cd08b58f2942877c97cc3fdff6a,
        type: 3}
      propertyPath: m_SizeDelta.y
      value: 0
      objectReference: {fileID: 0}
    - target: {fileID: 628414468008371915, guid: 1a150cd08b58f2942877c97cc3fdff6a,
        type: 3}
      propertyPath: m_AnchorMin.x
      value: 0
      objectReference: {fileID: 0}
    - target: {fileID: 628414468008371915, guid: 1a150cd08b58f2942877c97cc3fdff6a,
        type: 3}
      propertyPath: m_AnchorMin.y
      value: 0
      objectReference: {fileID: 0}
    - target: {fileID: 628414468008371915, guid: 1a150cd08b58f2942877c97cc3fdff6a,
        type: 3}
      propertyPath: m_AnchorMax.x
      value: 0
      objectReference: {fileID: 0}
    - target: {fileID: 628414468008371915, guid: 1a150cd08b58f2942877c97cc3fdff6a,
        type: 3}
      propertyPath: m_AnchorMax.y
      value: 0
      objectReference: {fileID: 0}
    - target: {fileID: 628414468008371915, guid: 1a150cd08b58f2942877c97cc3fdff6a,
        type: 3}
      propertyPath: m_Pivot.x
      value: 0
      objectReference: {fileID: 0}
    - target: {fileID: 628414468008371915, guid: 1a150cd08b58f2942877c97cc3fdff6a,
        type: 3}
      propertyPath: m_Pivot.y
      value: 0
      objectReference: {fileID: 0}
    - target: {fileID: 628414468008371916, guid: 1a150cd08b58f2942877c97cc3fdff6a,
        type: 3}
      propertyPath: m_Camera
      value: 
      objectReference: {fileID: 519420031}
    - target: {fileID: 628414469176331456, guid: 1a150cd08b58f2942877c97cc3fdff6a,
        type: 3}
      propertyPath: m_AnchorMax.x
      value: 0
      objectReference: {fileID: 0}
    - target: {fileID: 628414469176331456, guid: 1a150cd08b58f2942877c97cc3fdff6a,
        type: 3}
      propertyPath: m_AnchorMax.y
      value: 0
      objectReference: {fileID: 0}
    - target: {fileID: 8387204367653655124, guid: 1a150cd08b58f2942877c97cc3fdff6a,
        type: 3}
      propertyPath: m_Camera
      value: 
      objectReference: {fileID: 519420031}
    - target: {fileID: 8387204367653655125, guid: 1a150cd08b58f2942877c97cc3fdff6a,
        type: 3}
      propertyPath: m_UiScaleMode
      value: 0
      objectReference: {fileID: 0}
    - target: {fileID: 8387204366134511024, guid: 1a150cd08b58f2942877c97cc3fdff6a,
        type: 3}
      propertyPath: m_AnchorMax.x
      value: 0
      objectReference: {fileID: 0}
    - target: {fileID: 8387204366134511024, guid: 1a150cd08b58f2942877c97cc3fdff6a,
        type: 3}
      propertyPath: m_AnchorMax.y
      value: 0
      objectReference: {fileID: 0}
    - target: {fileID: 8387204367668889036, guid: 1a150cd08b58f2942877c97cc3fdff6a,
        type: 3}
      propertyPath: m_Enabled
      value: 1
      objectReference: {fileID: 0}
    - target: {fileID: 5502487628406235461, guid: 1a150cd08b58f2942877c97cc3fdff6a,
        type: 3}
      propertyPath: m_RootOrder
      value: 0
      objectReference: {fileID: 0}
    - target: {fileID: 5502487627546970407, guid: 1a150cd08b58f2942877c97cc3fdff6a,
        type: 3}
      propertyPath: m_AnchorMax.x
      value: 0
      objectReference: {fileID: 0}
    - target: {fileID: 5502487627546970407, guid: 1a150cd08b58f2942877c97cc3fdff6a,
        type: 3}
      propertyPath: m_AnchorMax.y
      value: 0
      objectReference: {fileID: 0}
    m_RemovedComponents: []
  m_SourcePrefab: {fileID: 100100000, guid: 1a150cd08b58f2942877c97cc3fdff6a, type: 3}
