%YAML 1.1
%TAG !u! tag:unity3d.com,2011:
--- !u!1 &1291232896346031400
GameObject:
  m_ObjectHideFlags: 0
  m_CorrespondingSourceObject: {fileID: 0}
  m_PrefabInstance: {fileID: 0}
  m_PrefabAsset: {fileID: 0}
  serializedVersion: 6
  m_Component:
  - component: {fileID: 8769616385110477077}
  - component: {fileID: 4674395015213198582}
  - component: {fileID: 8920403008547572670}
  - component: {fileID: 8016840077614360672}
  m_Layer: 0
  m_Name: BOSS2
  m_TagString: Untagged
  m_Icon: {fileID: 0}
  m_NavMeshLayer: 0
  m_StaticEditorFlags: 0
  m_IsActive: 1
--- !u!4 &8769616385110477077
Transform:
  m_ObjectHideFlags: 0
  m_CorrespondingSourceObject: {fileID: 0}
  m_PrefabInstance: {fileID: 0}
  m_PrefabAsset: {fileID: 0}
  m_GameObject: {fileID: 1291232896346031400}
  m_LocalRotation: {x: 0, y: 0, z: 0, w: 1}
  m_LocalPosition: {x: 0, y: 0, z: 0}
  m_LocalScale: {x: 1, y: 1, z: 1}
  m_Children:
  - {fileID: 6574897184068588481}
  - {fileID: 8943084628920049907}
  - {fileID: 8246650800250051970}
  - {fileID: 1830043145677193496}
  m_Father: {fileID: 0}
  m_RootOrder: 0
  m_LocalEulerAnglesHint: {x: 0, y: 0, z: 0}
--- !u!212 &4674395015213198582
SpriteRenderer:
  m_ObjectHideFlags: 0
  m_CorrespondingSourceObject: {fileID: 0}
  m_PrefabInstance: {fileID: 0}
  m_PrefabAsset: {fileID: 0}
  m_GameObject: {fileID: 1291232896346031400}
  m_Enabled: 1
  m_CastShadows: 0
  m_ReceiveShadows: 0
  m_DynamicOccludee: 1
  m_MotionVectors: 1
  m_LightProbeUsage: 1
  m_ReflectionProbeUsage: 1
  m_RenderingLayerMask: 1
  m_RendererPriority: 0
  m_Materials:
  - {fileID: 10754, guid: 0000000000000000f000000000000000, type: 0}
  m_StaticBatchInfo:
    firstSubMesh: 0
    subMeshCount: 0
  m_StaticBatchRoot: {fileID: 0}
  m_ProbeAnchor: {fileID: 0}
  m_LightProbeVolumeOverride: {fileID: 0}
  m_ScaleInLightmap: 1
  m_ReceiveGI: 1
  m_PreserveUVs: 0
  m_IgnoreNormalsForChartDetection: 0
  m_ImportantGI: 0
  m_StitchLightmapSeams: 1
  m_SelectedEditorRenderState: 0
  m_MinimumChartSize: 4
  m_AutoUVMaxDistance: 0.5
  m_AutoUVMaxAngle: 89
  m_LightmapParameters: {fileID: 0}
  m_SortingLayerID: 0
  m_SortingLayer: 0
  m_SortingOrder: 0
  m_Sprite: {fileID: 21300000, guid: 0717bb1e24ee98442b77b8e619d0ffa2, type: 3}
  m_Color: {r: 1, g: 1, b: 1, a: 1}
  m_FlipX: 0
  m_FlipY: 0
  m_DrawMode: 0
  m_Size: {x: 2.56, y: 2.56}
  m_AdaptiveModeThreshold: 0.5
  m_SpriteTileMode: 0
  m_WasSpriteAssigned: 1
  m_MaskInteraction: 0
  m_SpriteSortPoint: 0
--- !u!114 &8920403008547572670
MonoBehaviour:
  m_ObjectHideFlags: 0
  m_CorrespondingSourceObject: {fileID: 0}
  m_PrefabInstance: {fileID: 0}
  m_PrefabAsset: {fileID: 0}
  m_GameObject: {fileID: 1291232896346031400}
  m_Enabled: 1
  m_EditorHideFlags: 0
  m_Script: {fileID: 11500000, guid: 856ee8ad94be93f43afee600c7cb948b, type: 3}
  m_Name: 
  m_EditorClassIdentifier: 
  m_respawnPosInside: {x: 0, y: 0}
  m_respawnPosOutside: {x: 4.5, y: 6.5}
  m_moveType: 0
  m_speed: 0.02
  m_center: {x: 0, y: 0}
  m_angle: 0
  movepoint:
  - {x: 0, y: 4}
  - {x: -1, y: 3.8}
  - {x: -1, y: 4.2}
  - {x: 0, y: 4}
  - {x: 1, y: 3.8}
  - {x: 1, y: 4.2}
  move_interval: 0
  arrive_distance: 0.1
  m_hpMax: 200
  m_damage: 1
  shotDelay: 0
  GroupDelay: 0
  shotTimes: 0
  bullet: {fileID: 0}
  isAttackByStop: 0
  Spawner: {fileID: 727358517648021352, guid: 15e32005d0f89ac4ab434c0212c14978, type: 3}
  defeat_anime: {fileID: 1859084174735276192, guid: 528459060d908944eba334f670d88791,
    type: 3}
  bullet_list:
  - {fileID: 6563517897303742474, guid: 0f50a8fedbf62da49ae6c686ebb486a2, type: 3}
  - {fileID: 6742717256115016367, guid: 4670d80f1f25c1446b2c55cccbd2370a, type: 3}
  - {fileID: 1750605374009192094, guid: a3fd61f5232a10a47ad3cc219286be13, type: 3}
  attack_list: 01000000020000000400000003000000
  attack_bullet: 00000000020000000100000002000000
  isSerial: 0
  l_GroupDelay:
  - 4
  - 3
  - 2
  - 1
  l_shotDelay:
  - 0.1
  - 0.1
  - 0.005
  - 0.005
  l_shotTimes: 0a000000050000003c0000003c000000
  timeAccRate: 0.95
  bulletPlusAmount: 2
  bullet_angle_interval: 30
  bullet_radius_speed: 0.15
  bullet_angle_speed: 2
  launcher_angle_speed: 0
  tornade_angle_interval: 15
--- !u!60 &8016840077614360672
PolygonCollider2D:
  m_ObjectHideFlags: 0
  m_CorrespondingSourceObject: {fileID: 0}
  m_PrefabInstance: {fileID: 0}
  m_PrefabAsset: {fileID: 0}
  m_GameObject: {fileID: 1291232896346031400}
  m_Enabled: 1
  m_Density: 1
  m_Material: {fileID: 0}
  m_IsTrigger: 0
  m_UsedByEffector: 0
  m_UsedByComposite: 0
  m_Offset: {x: 0, y: 0}
  m_SpriteTilingProperty:
    border: {x: 0, y: 0, z: 0, w: 0}
    pivot: {x: 0.5, y: 0.5}
    oldSize: {x: 2.56, y: 2.56}
    newSize: {x: 2.56, y: 2.56}
    adaptiveTilingThreshold: 0.5
    drawMode: 0
    adaptiveTiling: 0
  m_AutoTiling: 0
  m_Points:
    m_Paths:
    - - {x: 1.09, y: -0.62}
      - {x: 1.09, y: 0.62}
      - {x: 1.0799999, y: 0.64}
      - {x: 0.90999997, y: 0.74}
      - {x: 0.44, y: 1.01}
      - {x: 0.11, y: 1.1999999}
      - {x: 0.02, y: 1.25}
      - {x: -0.02, y: 1.25}
      - {x: -0.11, y: 1.1999999}
      - {x: -0.39, y: 1.04}
      - {x: -0.90999997, y: 0.74}
      - {x: -1.05, y: 0.65999997}
      - {x: -1.09, y: 0.61}
      - {x: -1.09, y: -0.61}
      - {x: -1.05, y: -0.65999997}
      - {x: -0.84, y: -0.78}
      - {x: -0.71999997, y: -0.84999996}
      - {x: -0.51, y: -0.96999997}
      - {x: -0.39, y: -1.04}
      - {x: -0.11, y: -1.1999999}
      - {x: -0.02, y: -1.25}
      - {x: 0.02, y: -1.25}
      - {x: 0.25, y: -1.12}
      - {x: 0.78999996, y: -0.81}
      - {x: 1.0699999, y: -0.65}
--- !u!1001 &1898753151482773523
PrefabInstance:
  m_ObjectHideFlags: 0
  serializedVersion: 2
  m_Modification:
    m_TransformParent: {fileID: 8769616385110477077}
    m_Modifications:
    - target: {fileID: 7505324489250479505, guid: 981c8183905d56f4c987355359326a63,
        type: 3}
      propertyPath: m_LocalPosition.x
      value: -2
      objectReference: {fileID: 0}
    - target: {fileID: 7505324489250479505, guid: 981c8183905d56f4c987355359326a63,
        type: 3}
      propertyPath: m_LocalPosition.y
      value: 0
      objectReference: {fileID: 0}
    - target: {fileID: 7505324489250479505, guid: 981c8183905d56f4c987355359326a63,
        type: 3}
      propertyPath: m_LocalPosition.z
      value: 0
      objectReference: {fileID: 0}
    - target: {fileID: 7505324489250479505, guid: 981c8183905d56f4c987355359326a63,
        type: 3}
      propertyPath: m_LocalRotation.x
      value: 0
      objectReference: {fileID: 0}
    - target: {fileID: 7505324489250479505, guid: 981c8183905d56f4c987355359326a63,
        type: 3}
      propertyPath: m_LocalRotation.y
      value: 0
      objectReference: {fileID: 0}
    - target: {fileID: 7505324489250479505, guid: 981c8183905d56f4c987355359326a63,
        type: 3}
      propertyPath: m_LocalRotation.z
      value: 0
      objectReference: {fileID: 0}
    - target: {fileID: 7505324489250479505, guid: 981c8183905d56f4c987355359326a63,
        type: 3}
      propertyPath: m_LocalRotation.w
      value: 1
      objectReference: {fileID: 0}
    - target: {fileID: 7505324489250479505, guid: 981c8183905d56f4c987355359326a63,
        type: 3}
      propertyPath: m_RootOrder
      value: 2
      objectReference: {fileID: 0}
    - target: {fileID: 7505324489250479505, guid: 981c8183905d56f4c987355359326a63,
        type: 3}
      propertyPath: m_LocalEulerAnglesHint.x
      value: 0
      objectReference: {fileID: 0}
    - target: {fileID: 7505324489250479505, guid: 981c8183905d56f4c987355359326a63,
        type: 3}
      propertyPath: m_LocalEulerAnglesHint.y
      value: 0
      objectReference: {fileID: 0}
    - target: {fileID: 7505324489250479505, guid: 981c8183905d56f4c987355359326a63,
        type: 3}
      propertyPath: m_LocalEulerAnglesHint.z
      value: 0
      objectReference: {fileID: 0}
    - target: {fileID: 7505324489250479505, guid: 981c8183905d56f4c987355359326a63,
        type: 3}
      propertyPath: m_LocalScale.x
      value: 0.7
      objectReference: {fileID: 0}
    - target: {fileID: 7505324489250479505, guid: 981c8183905d56f4c987355359326a63,
        type: 3}
      propertyPath: m_LocalScale.y
      value: 0.7
      objectReference: {fileID: 0}
    - target: {fileID: 7721664942757581623, guid: 981c8183905d56f4c987355359326a63,
        type: 3}
      propertyPath: m_Name
      value: Launcher_LockOn
      objectReference: {fileID: 0}
    m_RemovedComponents: []
  m_SourcePrefab: {fileID: 100100000, guid: 981c8183905d56f4c987355359326a63, type: 3}
--- !u!4 &8246650800250051970 stripped
Transform:
  m_CorrespondingSourceObject: {fileID: 7505324489250479505, guid: 981c8183905d56f4c987355359326a63,
    type: 3}
  m_PrefabInstance: {fileID: 1898753151482773523}
  m_PrefabAsset: {fileID: 0}
--- !u!1001 &2142392633881861303
PrefabInstance:
  m_ObjectHideFlags: 0
  serializedVersion: 2
  m_Modification:
    m_TransformParent: {fileID: 8769616385110477077}
    m_Modifications:
    - target: {fileID: 5081736691265228662, guid: ad0f534649f7ce74c905d87bc998ff67,
        type: 3}
      propertyPath: m_LocalPosition.x
      value: 2
      objectReference: {fileID: 0}
    - target: {fileID: 5081736691265228662, guid: ad0f534649f7ce74c905d87bc998ff67,
        type: 3}
      propertyPath: m_LocalPosition.y
      value: 0
      objectReference: {fileID: 0}
    - target: {fileID: 5081736691265228662, guid: ad0f534649f7ce74c905d87bc998ff67,
        type: 3}
      propertyPath: m_LocalPosition.z
      value: 0
      objectReference: {fileID: 0}
    - target: {fileID: 5081736691265228662, guid: ad0f534649f7ce74c905d87bc998ff67,
        type: 3}
      propertyPath: m_LocalRotation.x
      value: 0
      objectReference: {fileID: 0}
    - target: {fileID: 5081736691265228662, guid: ad0f534649f7ce74c905d87bc998ff67,
        type: 3}
      propertyPath: m_LocalRotation.y
      value: 0
      objectReference: {fileID: 0}
    - target: {fileID: 5081736691265228662, guid: ad0f534649f7ce74c905d87bc998ff67,
        type: 3}
      propertyPath: m_LocalRotation.z
      value: 0
      objectReference: {fileID: 0}
    - target: {fileID: 5081736691265228662, guid: ad0f534649f7ce74c905d87bc998ff67,
        type: 3}
      propertyPath: m_LocalRotation.w
      value: 1
      objectReference: {fileID: 0}
    - target: {fileID: 5081736691265228662, guid: ad0f534649f7ce74c905d87bc998ff67,
        type: 3}
      propertyPath: m_RootOrder
      value: 0
      objectReference: {fileID: 0}
    - target: {fileID: 5081736691265228662, guid: ad0f534649f7ce74c905d87bc998ff67,
        type: 3}
      propertyPath: m_LocalEulerAnglesHint.x
      value: 0
      objectReference: {fileID: 0}
    - target: {fileID: 5081736691265228662, guid: ad0f534649f7ce74c905d87bc998ff67,
        type: 3}
      propertyPath: m_LocalEulerAnglesHint.y
      value: 0
      objectReference: {fileID: 0}
    - target: {fileID: 5081736691265228662, guid: ad0f534649f7ce74c905d87bc998ff67,
        type: 3}
      propertyPath: m_LocalEulerAnglesHint.z
      value: 0
      objectReference: {fileID: 0}
    - target: {fileID: 5081736691265228662, guid: ad0f534649f7ce74c905d87bc998ff67,
        type: 3}
      propertyPath: m_LocalScale.x
      value: 0.7
      objectReference: {fileID: 0}
    - target: {fileID: 5081736691265228662, guid: ad0f534649f7ce74c905d87bc998ff67,
        type: 3}
      propertyPath: m_LocalScale.y
      value: 0.7
      objectReference: {fileID: 0}
    - target: {fileID: 2870953672854838743, guid: ad0f534649f7ce74c905d87bc998ff67,
        type: 3}
      propertyPath: m_Name
      value: Launcher_AllRange
      objectReference: {fileID: 0}
    m_RemovedComponents: []
  m_SourcePrefab: {fileID: 100100000, guid: ad0f534649f7ce74c905d87bc998ff67, type: 3}
--- !u!4 &6574897184068588481 stripped
Transform:
  m_CorrespondingSourceObject: {fileID: 5081736691265228662, guid: ad0f534649f7ce74c905d87bc998ff67,
    type: 3}
  m_PrefabInstance: {fileID: 2142392633881861303}
  m_PrefabAsset: {fileID: 0}
--- !u!1001 &5261846887729741262
PrefabInstance:
  m_ObjectHideFlags: 0
  serializedVersion: 2
  m_Modification:
    m_TransformParent: {fileID: 8769616385110477077}
    m_Modifications:
    - target: {fileID: 3826350817962171709, guid: 8f5d084208851914a83259b73d5b68e2,
        type: 3}
      propertyPath: m_LocalPosition.x
      value: 0
      objectReference: {fileID: 0}
    - target: {fileID: 3826350817962171709, guid: 8f5d084208851914a83259b73d5b68e2,
        type: 3}
      propertyPath: m_LocalPosition.y
      value: 2
      objectReference: {fileID: 0}
    - target: {fileID: 3826350817962171709, guid: 8f5d084208851914a83259b73d5b68e2,
        type: 3}
      propertyPath: m_LocalPosition.z
      value: 0
      objectReference: {fileID: 0}
    - target: {fileID: 3826350817962171709, guid: 8f5d084208851914a83259b73d5b68e2,
        type: 3}
      propertyPath: m_LocalRotation.x
      value: 0
      objectReference: {fileID: 0}
    - target: {fileID: 3826350817962171709, guid: 8f5d084208851914a83259b73d5b68e2,
        type: 3}
      propertyPath: m_LocalRotation.y
      value: 0
      objectReference: {fileID: 0}
    - target: {fileID: 3826350817962171709, guid: 8f5d084208851914a83259b73d5b68e2,
        type: 3}
      propertyPath: m_LocalRotation.z
      value: 0
      objectReference: {fileID: 0}
    - target: {fileID: 3826350817962171709, guid: 8f5d084208851914a83259b73d5b68e2,
        type: 3}
      propertyPath: m_LocalRotation.w
      value: 1
      objectReference: {fileID: 0}
    - target: {fileID: 3826350817962171709, guid: 8f5d084208851914a83259b73d5b68e2,
        type: 3}
      propertyPath: m_RootOrder
      value: 1
      objectReference: {fileID: 0}
    - target: {fileID: 3826350817962171709, guid: 8f5d084208851914a83259b73d5b68e2,
        type: 3}
      propertyPath: m_LocalEulerAnglesHint.x
      value: 0
      objectReference: {fileID: 0}
    - target: {fileID: 3826350817962171709, guid: 8f5d084208851914a83259b73d5b68e2,
        type: 3}
      propertyPath: m_LocalEulerAnglesHint.y
      value: 0
      objectReference: {fileID: 0}
    - target: {fileID: 3826350817962171709, guid: 8f5d084208851914a83259b73d5b68e2,
        type: 3}
      propertyPath: m_LocalEulerAnglesHint.z
      value: 0
      objectReference: {fileID: 0}
    - target: {fileID: 3826350817962171709, guid: 8f5d084208851914a83259b73d5b68e2,
        type: 3}
      propertyPath: m_LocalScale.x
      value: 0.7
      objectReference: {fileID: 0}
    - target: {fileID: 3826350817962171709, guid: 8f5d084208851914a83259b73d5b68e2,
        type: 3}
      propertyPath: m_LocalScale.y
      value: 0.7
      objectReference: {fileID: 0}
    - target: {fileID: 2309614480698964204, guid: 8f5d084208851914a83259b73d5b68e2,
        type: 3}
      propertyPath: m_Name
      value: Launcher_Tornade
      objectReference: {fileID: 0}
    m_RemovedComponents: []
  m_SourcePrefab: {fileID: 100100000, guid: 8f5d084208851914a83259b73d5b68e2, type: 3}
--- !u!4 &8943084628920049907 stripped
Transform:
  m_CorrespondingSourceObject: {fileID: 3826350817962171709, guid: 8f5d084208851914a83259b73d5b68e2,
    type: 3}
  m_PrefabInstance: {fileID: 5261846887729741262}
  m_PrefabAsset: {fileID: 0}
--- !u!1001 &8123226527787026922
PrefabInstance:
  m_ObjectHideFlags: 0
  serializedVersion: 2
  m_Modification:
    m_TransformParent: {fileID: 8769616385110477077}
    m_Modifications:
    - target: {fileID: 7628783267763505394, guid: 527fd20da4acedc4980b9a019a321e53,
        type: 3}
      propertyPath: m_LocalPosition.x
      value: 0
      objectReference: {fileID: 0}
    - target: {fileID: 7628783267763505394, guid: 527fd20da4acedc4980b9a019a321e53,
        type: 3}
      propertyPath: m_LocalPosition.y
      value: -2
      objectReference: {fileID: 0}
    - target: {fileID: 7628783267763505394, guid: 527fd20da4acedc4980b9a019a321e53,
        type: 3}
      propertyPath: m_LocalPosition.z
      value: 0
      objectReference: {fileID: 0}
    - target: {fileID: 7628783267763505394, guid: 527fd20da4acedc4980b9a019a321e53,
        type: 3}
      propertyPath: m_LocalRotation.x
      value: 0
      objectReference: {fileID: 0}
    - target: {fileID: 7628783267763505394, guid: 527fd20da4acedc4980b9a019a321e53,
        type: 3}
      propertyPath: m_LocalRotation.y
      value: 0
      objectReference: {fileID: 0}
    - target: {fileID: 7628783267763505394, guid: 527fd20da4acedc4980b9a019a321e53,
        type: 3}
      propertyPath: m_LocalRotation.z
      value: 0
      objectReference: {fileID: 0}
    - target: {fileID: 7628783267763505394, guid: 527fd20da4acedc4980b9a019a321e53,
        type: 3}
      propertyPath: m_LocalRotation.w
      value: 1
      objectReference: {fileID: 0}
    - target: {fileID: 7628783267763505394, guid: 527fd20da4acedc4980b9a019a321e53,
        type: 3}
      propertyPath: m_RootOrder
      value: 3
      objectReference: {fileID: 0}
    - target: {fileID: 7628783267763505394, guid: 527fd20da4acedc4980b9a019a321e53,
        type: 3}
      propertyPath: m_LocalEulerAnglesHint.x
      value: 0
      objectReference: {fileID: 0}
    - target: {fileID: 7628783267763505394, guid: 527fd20da4acedc4980b9a019a321e53,
        type: 3}
      propertyPath: m_LocalEulerAnglesHint.y
      value: 0
      objectReference: {fileID: 0}
    - target: {fileID: 7628783267763505394, guid: 527fd20da4acedc4980b9a019a321e53,
        type: 3}
      propertyPath: m_LocalEulerAnglesHint.z
      value: 0
      objectReference: {fileID: 0}
    - target: {fileID: 7628783267763505394, guid: 527fd20da4acedc4980b9a019a321e53,
        type: 3}
      propertyPath: m_LocalScale.x
      value: 0.7
      objectReference: {fileID: 0}
    - target: {fileID: 7628783267763505394, guid: 527fd20da4acedc4980b9a019a321e53,
        type: 3}
      propertyPath: m_LocalScale.y
      value: 0.7
      objectReference: {fileID: 0}
    - target: {fileID: 8992116289254010147, guid: 527fd20da4acedc4980b9a019a321e53,
        type: 3}
      propertyPath: m_Name
      value: Launcher_RTornade
      objectReference: {fileID: 0}
    m_RemovedComponents: []
  m_SourcePrefab: {fileID: 100100000, guid: 527fd20da4acedc4980b9a019a321e53, type: 3}
--- !u!4 &1830043145677193496 stripped
Transform:
  m_CorrespondingSourceObject: {fileID: 7628783267763505394, guid: 527fd20da4acedc4980b9a019a321e53,
    type: 3}
  m_PrefabInstance: {fileID: 8123226527787026922}
  m_PrefabAsset: {fileID: 0}
